@misc{flutterVsXamarin,
    author    = "flutter",
    title     = "Flutter vs Xamarin Cross-Platform Mobile Development Compared",
    url       = "https://www.altexsoft.com/blog/engineering/flutter-vs-xamarin-cross-platform-mobile-development-compared/"
}

@article{TestingLifeCycle,
  title={Importance of Testing in Software DevelopmentLife Cycle},
  author={T.Rajani Devi},
  journal={International Journal of Scientific and Engineering Research Volume 3, Issue 5, May-2012 1ISSN 2229-5518},
  year={2012}
}

@misc{ReactVsFlutterVsIonic,
    author    = "Maximilian Schwarzm√ºller ",
    title     = "React Native vs Flutter vs Ionic vs NativeScript vs PWA",
    url       = "https://www.academind.com/learn/flutter/react-native-vs-flutter-vs-ionic-vs-nativescript-vs-pwa/"
}

@misc{testing,
    author    = "Brian Egan",
    title     = "Testing Flutter apps",
    url       = "https://flutter.io/docs/testing"
}

@misc{IntegrationTest,
    author    = "Maurice McCabe",
    title     = "Hot Reload For Flutter Integration Tests",
    url       = "https://medium.com/flutter-community/hot-reload-for-flutter-integration-tests-e0478b63bd54"
}

@misc{BDD,
    author    = "Development That Pays",
    title     = "Test Driven Development vs Behaviour Driven Development + FREE CHEAT SHEET",
    url       = "https://www.youtube.com/watch?v=4QFYTQy47yA"
}

@misc{UnitTest,
    author    = "Brandon Donnelson",
    title     = "Flutter - Create a Unit Test",
    url       = "https://www.youtube.com/watch?v=YDvhyFiaBZc"
}

@misc{StoryBoard,
    author    = " Margaret Rouse",
    title     = "StoryBoard",
    url       = "https://whatis.techtarget.com/definition/storyboard"
}

@misc{TDD,
    author    = " Reval Govender",
    title     = "What is Test Driven Development (TDD) - Tutorial",
    url       = "https://www.youtube.com/watch?v=3vuW4lFdAxc"
}



